<record><leader>00000cas a22000007a 4500</leader><controlfield tag="001">33067629</controlfield><controlfield tag="008">950831d18961897nyuwr ne      0    0eng d</controlfield><datafield ind1=" " ind2=" " tag="010"><subfield code="a">sn 95071403 </subfield></datafield><datafield ind1=" " ind2=" " tag="040"><subfield code="a">NYS</subfield><subfield code="b">eng</subfield><subfield code="c">NYS</subfield><subfield code="d">OCLCQ</subfield><subfield code="d">OCLCF</subfield><subfield code="d">OCLCO</subfield></datafield><datafield ind1="1" ind2=" " tag="029"><subfield code="a">AU@</subfield><subfield code="b">000025899493</subfield></datafield><datafield ind1=" " ind2=" " tag="042"><subfield code="a">msc</subfield></datafield><datafield ind1=" " ind2=" " tag="043"><subfield code="a">n-us-ny</subfield></datafield><datafield ind1="0" ind2="0" tag="245"><subfield code="a">Aurora advertiser &amp; East Aurora citizen.</subfield></datafield><datafield ind1="0" ind2=" " tag="246"><subfield code="a">Aurora advertiser and East Aurora citizen</subfield></datafield><datafield ind1="0" ind2=" " tag="246"><subfield code="a">Aurora advertiser</subfield></datafield><datafield ind1=" " ind2=" " tag="260"><subfield code="a">East Aurora, N.Y. :</subfield><subfield code="b">Walter C. Wood</subfield></datafield><datafield ind1=" " ind2=" " tag="300"><subfield code="a">v.</subfield></datafield><datafield ind1=" " ind2=" " tag="310"><subfield code="a">Weekly</subfield></datafield><datafield ind1="0" ind2=" " tag="362"><subfield code="a">Vol. 25, no. 8 (Sept. 24, 1896)-v. 25, no. 32 (Mar. 11, 1897).</subfield></datafield><datafield ind1=" " ind2="0" tag="651"><subfield code="a">East Aurora (N.Y.)</subfield><subfield code="v">Newspapers.</subfield></datafield><datafield ind1=" " ind2="0" tag="651"><subfield code="a">Erie County (N.Y.)</subfield><subfield code="v">Newspapers.</subfield></datafield><datafield ind1=" " ind2="7" tag="655"><subfield code="a">Newspapers.</subfield><subfield code="2">fast</subfield><subfield code="0">(OCoLC)fst01423814</subfield></datafield><datafield ind1=" " ind2="7" tag="651"><subfield code="a">New York (State)</subfield><subfield code="z">East Aurora.</subfield><subfield code="2">fast</subfield><subfield code="0">(OCoLC)fst01216835</subfield></datafield><datafield ind1=" " ind2="7" tag="651"><subfield code="a">New York (State)</subfield><subfield code="z">Erie County.</subfield><subfield code="2">fast</subfield><subfield code="0">(OCoLC)fst01202692</subfield></datafield><datafield ind1=" " ind2=" " tag="752"><subfield code="a">United States</subfield><subfield code="b">New York</subfield><subfield code="c">Erie</subfield><subfield code="d">East Aurora.</subfield></datafield><datafield ind1="0" ind2="4" tag="780"><subfield code="t">Aurora advertiser (East Aurora, N.Y.)</subfield><subfield code="w">(DLC)sn 88074801</subfield><subfield code="w">(OCoLC)18585638</subfield></datafield><datafield ind1="0" ind2="4" tag="780"><subfield code="t">East Aurora citizen</subfield></datafield><datafield ind1="0" ind2="0" tag="785"><subfield code="t">East Aurora advertiser</subfield><subfield code="w">(DLC)sn 88074800</subfield><subfield code="w">(OCoLC)18585696</subfield></datafield></record>